<?xml version="1.0" encoding="UTF-8"?><collection xmlns="http://www.loc.gov/MARC21/slim"><record><leader>00595nam--2200181-i-4500</leader><controlfield tag="001">000026246</controlfield><controlfield tag="002">20161230</controlfield><controlfield tag="005">20161230201036</controlfield><controlfield tag="008">060222s1000------------r-----000-0-rum-d</controlfield><datafield ind1=" " ind2=" " tag="040"><subfield code="a">IFIN-HH</subfield></datafield><datafield ind1=" " ind2=" " tag="041"><subfield code="a">rum</subfield></datafield><datafield ind1=" " ind2=" " tag="080"><subfield code="a">535.8</subfield></datafield><datafield ind1="1" ind2=" " tag="110"><subfield code="a">Oficiul De Stat Pentru Metrologie</subfield></datafield><datafield ind1="1" ind2="0" tag="245"><subfield code="a">Instructiuni 89-67 pentru verificarea colorimetrelor saybolt, stammer, union si astm. (inlocuiessc instructiunile 56-54; 57-54; 58-54 si 89-56.)</subfield><subfield code="b">Editie oficiala</subfield></datafield><datafield ind1=" " ind2=" " tag="260"><subfield code="a">Bucuresti</subfield><subfield code="b">Oficiul De Stat Pentru Metrologie</subfield><subfield code="c">1968</subfield></datafield><datafield ind1=" " ind2=" " tag="300"><subfield code="a">15P</subfield></datafield><datafield ind1=" " ind2=" " tag="852"><subfield code="a">29567</subfield><subfield code="c">535</subfield></datafield><datafield ind1=" " ind2=" " tag="CAT"><subfield code="a">Sys</subfield><subfield code="c">20101025</subfield><subfield code="h">155112</subfield></datafield></record></collection>